@article{Engle2002,
  author  = {Engle, Robert},
  title   = {Dynamic Conditional Correlation: A Simple Class of Multivariate Generalized Autoregressive Conditional Heteroskedasticity Models},
  journal = {Journal of Business \& Economic Statistics},
  year    = {2002},
  volume  = {20},
  number  = {3},
  pages   = {339--350},
}

@article{VanDerWeide2002,
  author  = {Van der Weide, Roy},
  title   = {GO-Garch: A Multivariate Generalized Orthogonal Garch Model},
  journal = {Journal of Applied Econometrics},
  year    = {2002},
  volume  = {17},
  number  = {5},
  pages   = {549--564},
}

@book{Tsay2014,
  author    = {Tsay, Ruey S.},
  title     = {An Introduction to Analysis of Financial Data with R},
  publisher = {John Wiley \& Sons},
  year      = {2014},
}

@article{Bekk1995,
 author = {Robert F. Engle and Kenneth F. Kroner},
 journal = {Econometric Theory},
 number = {1},
 pages = {122--150},
 title = {Multivariate Simultaneous Generalized Arch},
 volume = {11},
 year = {1995}
}

@article{Beirne2013,
author = {Beirne, John and Caporale, Guglielmo Maria and Schulze-Ghattas, Marianne and Spagnolo, Nicola},
title = {Volatility Spillovers and Contagion from Mature to Emerging Stock Markets},
journal = {Review of International Economics},
volume = {21},
number = {5},
pages = {1060-1075},
year = {2013}
}

@article{Ehrmann2011,
author = {Ehrmann, Michael and Fratzscher, Marcel and Rigobon, Roberto},
title = {Stocks, bonds, money markets and exchange rates: measuring international financial transmission},
journal = {Journal of Applied Econometrics},
volume = {26},
number = {6},
pages = {948-974},
year = {2011}
}

@article{BONGABONGA2018,
title = {Uncovering equity market contagion among BRICS countries: An application of the multivariate GARCH model},
journal = {The Quarterly Review of Economics and Finance},
volume = {67},
pages = {36-44},
year = {2018},
author = {Lumengo Bonga-Bonga},
}

@article{Mensi2016,
title = {Global financial crisis and spillover effects among the U.S. and BRICS stock markets},
journal = {International Review of Economics & Finance},
volume = {42},
pages = {257-276},
year = {2016},
author = {Walid Mensi and Shawkat Hammoudeh and Duc Khuong Nguyen and Sang Hoon Kang},
}

@article{SuiSun2016,
  author  = {Sui, L. and Sun, L.},
  title   = {Spillover Effects between Exchange Rates and Stock Prices: Evidence from BRICS around the Recent Global Financial Crisis},
  journal = {Research in International Business and Finance},
  year    = {2016},
  volume  = {36},
  pages   = {459--471},
}

@article{Pericoli2003,
author = {Pericoli, Marcello and Sbracia, Massimo},
title = {A Primer on Financial Contagion},
journal = {Journal of Economic Surveys},
volume = {17},
number = {4},
pages = {571-608},
year = {2003}
}

@techreport{Dungey2004,
  author      = {Dungey, M. and Fry, R. and Gonz√°lez-Hermosillo, B. and Martin, V.},
  title       = {Empirical Modeling of Contagion: A Review of Methodologies},
  institution = {International Monetary Fund},
  year        = {2004},
  type        = {IMF Working Paper},
  number      = {04/78},
}
